@article{stream_bench,
    author = {McCalpin, John},
    year = {1995},
    month = {12},
    pages = {19-25},
    title = {Memory bandwidth and machine balance in high performance computers},
    journal = {IEEE Technical Committee on Computer Architecture Newsletter}
}

@MISC{flops,
	HOWPUBLISHED = "\url{https://en.wikipedia.org/wiki/FLOPS}",
	TITLE = "FLOPS",
	NOTE = "Access in 20/12/2018"
}

@MISC{flopsCalc,
	HOWPUBLISHED = "\url{http://www.novatte.com/our-blog/197-how-to-calculate-peak-theoretical-performance-of-a-cpu-based-hpc-system}",
	TITLE = "How to calculate peak theoretical performance of a CPU-based HPC system",
	NOTE = "Access in 20/12/2018"
}

@article{roofline_model,
 author = {Williams, Samuel and Waterman, Andrew and Patterson, David},
 title = {Roofline: An Insightful Visual Performance Model for Multicore Architectures},
 journal = {Commun. ACM},
 issue_date = {April 2009},
 volume = {52},
 number = {4},
 month = apr,
 year = {2009},
 issn = {0001-0782},
 pages = {65--76},
 numpages = {12},
 url = {http://doi.acm.org/10.1145/1498765.1498785},
 doi = {10.1145/1498765.1498785},
 acmid = {1498785},
 publisher = {ACM},
 address = {New York, NY, USA},
}

@MISC{GPU,
	HOWPUBLISHED = "\url{https://computing.llnl.gov/tutorials/linux\_clusters/gpu/}",
	TITLE = "Using LC's GPU Clusters - Quick Guide",
	NOTE = "Access in 02/01/2019"
}

@online{K20, 
    author = {NVIDIA},
    year = {2013},
    title = {TESLA K20 GPU ACCELERATOR},
    note = {URL: {\url{https://computing.llnl.gov/tutorials/linux\_clusters/gpu/Tesla-K20-Board-Specs.pdf}}}
}

@online{GK110, 
    author = {NVIDIA},
    title = {Kepler GK110/210 v1.0},
    note = {URL: {\url{https://computing.llnl.gov/tutorials/linux\_clusters/gpu/Kepler-GK110-GK210-ArchitectureWhitepaper.pdf}}}
}

@MISC{KNL,
	HOWPUBLISHED = "\url{http://www.cpu-world.com/CPUs/Xeon\_Phi/Intel-Xeon\%20Phi\%207210.html}",
	TITLE = "Intel Xeon Phi 7210 specifications",
	NOTE = "Access in 02/01/2019"
}

@article{xmt_gpu,
author = {C Caragea, George and Keceli, Fuat and Tzannes, Alexandros and Vishkin, Uzi},
year = {2010},
month = {06},
pages = {},
title = {General-purpose vs. gpu: Comparison of many-cores on irregular workloads}
}